<?xml version="1.0" encoding="UTF-8"?><collection xmlns="http://www.loc.gov/MARC21/slim"><record><leader>00508nam--2200133-i-4500</leader><controlfield tag="001">000031084</controlfield><controlfield tag="002">20161230</controlfield><controlfield tag="005">20161230201038</controlfield><controlfield tag="008">060222s1000------------r-----000-0-eng-d</controlfield><datafield ind1=" " ind2=" " tag="080"><subfield code="a">621.039.83</subfield></datafield><datafield ind1=" " ind2=" " tag="245"><subfield code="a">Manual on mutation breeding. second edition. a joint undertaking by the food and agriculture organization of the united nations and the international atomic energy agency</subfield></datafield><datafield ind1=" " ind2=" " tag="260"><subfield code="a">Vienna, International Atomic Energy Agency, 1977, 288p</subfield></datafield><datafield ind1=" " ind2=" " tag="490"><subfield code="a">Technical Reports Series</subfield></datafield><datafield ind1=" " ind2=" " tag="852"><subfield code="a">575.24:539.12.04</subfield></datafield></record></collection>